% TODO: Author(s)
@Electronic{SnowflakeEmail,
  author = {Serene},
  year   = {2016},
  title  = {[tor-dev] Introducing Snowflake (webrtc pt)},
  url    = {https://lists.torproject.org/pipermail/tor-dev/2016-January/010310.html},
}

% TODO: Author(s)
@Electronic{SnowflakeGitWeb,
  author = {},
  year   = {2018},
  title  = {Snowflake},
  url    = {https://trac.torproject.org/projects/tor/wiki/doc/Snowflake},
}

% TODO: Author(s)
@Electronic{SnowflakeGit,
  author = {},
  year   = {2018/12/17},
  title  = {Snowflake},
  url    = {https://gitweb.torproject.org/pluggable-transports/snowflake.git/},
}

